@InProceedings{semeval2018task9,
  title={{SemEval-2018 Task 9: Hypernym Discovery}},
  author={Camacho-Collados, Jose and Delli Bovi, Claudio and Espinosa-Anke, Luis and Oramas, Sergio and Pasini, Tommaso and Santus, Enrico and Shwartz, Vered and Navigli, Roberto and Saggion, Horacio},
  booktitle={Proceedings of the 12th International Workshop on Semantic Evaluation (SemEval-2018)},
  year={2018}, 
  address={New Orleans, LA, United States},
  publisher = {Association for Computational Linguistics}
 }
 
@article{DBLP:journals/corr/abs-1301-3781,
   author    = {Tomas Mikolov and Kai Chen and Greg Corrado and Jeffrey Dean},
   title     = {Efficient Estimation of Word Representations in Vector Space},
   journal   = {CoRR},
   volume    = {abs/1301.3781},
   year      = {2013},
   url       = {http://arxiv.org/abs/1301.3781},
   archivePrefix = {arXiv},
   eprint    = {1301.3781},
   timestamp = {Wed, 07 Jun 2017 14:42:25 +0200},
   biburl    = {http://dblp.org/rec/bib/journals/corr/abs-1301-3781},
   bibsource = {dblp computer science bibliography, http://dblp.org}
}

@inproceedings{Mairal:2009:ODL:1553374.1553463,
 author = {Mairal, Julien and Bach, Francis and Ponce, Jean and Sapiro, Guillermo},
 title = {Online Dictionary Learning for Sparse Coding},
 booktitle = {Proceedings of the 26th Annual International Conference on Machine Learning},
 series = {ICML '09},
 year = {2009},
 isbn = {978-1-60558-516-1},
 location = {Montreal, Quebec, Canada},
 pages = {689--696},
 numpages = {8},
 url = {http://doi.acm.org/10.1145/1553374.1553463},
 doi = {10.1145/1553374.1553463},
 acmid = {1553463},
 publisher = {ACM},
 address = {New York, NY, USA},
}

@article{2010378,
  author = "Dominik Endres and Peter F{\"o}ldi{\'a}k and Uta Priss",
  doi = "10.1007/s10472-010-9196-8",
  journal = "Annals of Mathematics and Artificial Intelligence",
  month = "07",
  note = "reviewed",
  number = "3-4",
  pages = "233-248",
  publisher = "Springer",
  title = "{A}n {A}pplication of {F}ormal {C}oncept {A}nalysis to {S}emantic {N}eural {D}ecoding",
  volume = "57",
  year = "2010",
}

@article{TACL1063,
	author = {Berend, GÃ¡bor},
	title = {Sparse Coding of Neural Word Embeddings for Multilingual Sequence Labeling},
	journal = {Transactions of the Association for Computational Linguistics},
	volume = {5},
	year = {2017},
	issn = {2307-387X},
	url = {https://transacl.org/ojs/index.php/tacl/article/view/1063},
	pages = {247--261}
}
